<record><leader>00000cas a22000007a 4500</leader><controlfield tag="001">20230378</controlfield><controlfield tag="008">890822c198u9999dcucr ne      0   a0eng d</controlfield><datafield ind1=" " ind2=" " tag="010"><subfield code="a">sn 89002923 </subfield></datafield><datafield ind1=" " ind2=" " tag="040"><subfield code="a">NSD</subfield><subfield code="b">eng</subfield><subfield code="c">NSD</subfield><subfield code="d">OCLCQ</subfield></datafield><datafield ind1=" " ind2=" " tag="012"><subfield code="j">0</subfield><subfield code="l">1</subfield></datafield><datafield ind1="0" ind2=" " tag="022"><subfield code="a">1045-7585</subfield><subfield code="l">1045-7585</subfield><subfield code="2">1</subfield></datafield><datafield ind1=" " ind2=" " tag="037"><subfield code="b">Proutist Universal, 1354 Montague St. N.W., Washington, D.C. 20011</subfield></datafield><datafield ind1=" " ind2=" " tag="042"><subfield code="a">nsdp</subfield><subfield code="a">msc</subfield></datafield><datafield ind1="1" ind2="0" tag="082"><subfield code="a">071</subfield><subfield code="2">11</subfield></datafield><datafield ind1="0" ind2=" " tag="130"><subfield code="a">Prout press (Washington, D.C.)</subfield></datafield><datafield ind1="0" ind2=" " tag="210"><subfield code="a">Prout press</subfield><subfield code="b">(Wash. D.C.)</subfield></datafield><datafield ind1=" " ind2="4" tag="222"><subfield code="a">The Prout press</subfield><subfield code="b">(Washington, D.C.)</subfield></datafield><datafield ind1="1" ind2="4" tag="245"><subfield code="a">The Prout press.</subfield></datafield><datafield ind1=" " ind2=" " tag="260"><subfield code="a">Washington, D.C., U.S.A. :</subfield><subfield code="b">[Proutist Universal]</subfield></datafield><datafield ind1=" " ind2=" " tag="300"><subfield code="a">v.</subfield></datafield><datafield ind1=" " ind2=" " tag="310"><subfield code="a">Semiweekly</subfield></datafield><datafield ind1=" " ind2=" " tag="588"><subfield code="a">Description based on: Vol. 2, no. 11 (July 18, 1989); title from caption.</subfield></datafield><datafield ind1=" " ind2=" " tag="752"><subfield code="a">United States</subfield><subfield code="b">District of Columbia</subfield><subfield code="d">Washington.</subfield></datafield><datafield ind1="1" ind2=" " tag="029"><subfield code="a">AU@</subfield><subfield code="b">000025790279</subfield></datafield></record>